@techreport{nist-sts-documentation,
	author = {Andrew Rukhin and Juan Sota and James Nechvatal and Miles Smid and Elaine Barker and Stefan Leigh and Mark Levenson and Mark Vangel and David Banks and Alan Heckert and James Dray and San Vo},
	title = {A Statistical Test Suite for Random and Pseudorandom Number Generators for Cryptographic Applications},
	publisher = {National Institute of Standards and Technology ({NIST})},
	year = {2000},
	url = {http://csrc.nist.gov/groups/ST/toolkit/rng/documents/SP800-22rev1a.pdf},
	urldate = {2016-04-02},
}

@article{nist-sts-interpretation-syso,
	author = {Marek Sýs and Zdeněk Říha and Václav Matyáš and Kinga Márton and Alin Suciu},
	title = {On the Interpretation of Results from the NIST Statistical Test Suite},
	journal = {Romanian Journal of Information Science and Technology},
	year = {2015},
	volume = {18},
	number = {1},
	pages = {18--32},
}

@thesis{ukrop-bc,
	author = {Martin Ukrop},
	title = {Usage of evolvable circuit for statistical testing of randomness},
	type = {Bakalárska práca},
	institution = {Fakulta informatiky, Masarykova univerzita},
	year = {2013},
	url = {http://is.muni.cz/th/374297/fi_b/},
	urldate = {2016-04-02},
}

@online{dieharder,
	author = {Robert G. Brown},
	organization = {Duke University Physics Department},
	title = {Dieharder: A Random Number Test Suite},
	year = {2004},
	version = {3.31.1},
	url = {http://www.phy.duke.edu/~rgb/General/dieharder.php},
	urldate = {2016-04-03},
}

@online{diehard,
	author = {George Marsaglia},
	organization = {Floridan State University},
	title = {Diehard Battery of Tests of Randomness},
	year = {1995},
	url = {http://stat.fsu.edu/pub/diehard/},
	urldate = {2016-04-20},
}

@article{testu01,
	author = {Pierre L'Ecuyer and Richard Simard},
	title = {TestU01: A C Library for Empirical Testing of Random Number Generators},
	journal = {ACM Transactions on Mathematical Software},
	volume = {33},
	number = {4},
	year = {2007},
	doi = {10.1145/1268776.1268777},
	publisher = {ACM},
}

@online{testu01-documentation,
	author = {Pierre L'Ecuyer},
	organization = {Université de Montréal},
	version = {1.2.3},
	year = {2009},
	title = {{TestU01}},
	url = {http://simul.iro.umontreal.ca/testu01/tu01.html},
	urldate = {2016-04-24},
}

@thesis{thesis-dubovec,
	author = {Ondrej Dubovec},
	title = {{Automated search for dependencies in SHA-3 hash function candidates}},
	type = {Bakalárska práca},
	institution = {Fakulta informatiky, Masarykova univerzita},
	year = {2012},
	url = {http://is.muni.cz/th/324866/fi_b_a2/},
	urldate = {2016-04-20},
}

@thesis{thesis-pristak,
	author = {Matej Prišťák},
	title = {{Automated search for dependencies in eStream stream ciphers}},
	type = {Diplomová práca},
	institution = {Fakulta informatiky, Masarykova univerzita},
	year = {2012},
	url = {http://is.muni.cz/th/172546/fi_m/},
	urldate = {2016-04-20},
}

@thesis{obratil-bc,
	author = {Ľubomír Obrátil},
	title = {Automated task management for BOINC infrastructure and EACirc project},
	type = {Bakalárska práca},
	institution = {Fakulta informatiky, Masarykova univerzita},
	year = {2015},
	url = {https://is.muni.cz/th/410282/fi_b/},
	urldate = {2016-04-20},
}

@mastersthesis{ukrop-master,
	author = {Martin Ukrop},
	title = {Randomness analysis in authenticated encryption systems},
	type = {Diplomová práca},
	institution = {Fakulta informatiky, Masarykova univerzita},
	year = {2016},
	url = {https://is.muni.cz/th/410282/fi_b/},
	urldate = {2016-04-20},
}

@thesis{novotny-bc,
	author = {Jiří Novotný},
	title = {GPU-based speedup of EACirc project},
	type = {Bakalárska práca},
	institution = {Fakulta informatiky, Masarykova univerzita},
	year = {2015},
	url = {http://is.muni.cz/th/409963/fi_b/},
	urldate = {2016-04-20},
}

@misc{c++-java-converter,
	author = {{Tangible Software Solutions Inc.}},
	title = {C++ to Java Converter},
	url = {http://www.tangiblesoftwaresolutions.com/Product_Details/CPlusPlus_to_Java_Converter_Details.html},
	urldate = {2016-30-04},
}

@online{metacentrum,
	author = {{Team Czech NGI}},
	title = {MetaCentrum},
	subtitle = {Virtual Organization of the Czech National Grid Organization},
	year = {2016},
	url = {https://metavo.metacentrum.cz/},
	urldate = {2016-05-01},
}

@misc{AES-FIPS,
	title = {Specification for the Advanced Encryption Standard (AES)},
	howpublished = {Federal Information Processin Standards Publication 197},
	year = {2001},
	url = {http://csrc.nist.gov/publications/fips/fips197/fips-197.pdf}
}

@Book{JVM,
	title = { Java virtual machine },
	author = { Meyer, Jon and Downing, Troy },
	publisher = { Cambridge, [Mass.] : O'Reilly },
	year = { 1997 },
	type = { Book; Book/Illustrated },
	isbn = { 1565921941 },
	subjects = { Java virtual machine; Java (Computer program language) },
	language = { Angličtina },
	contents = { 1. Overview -- 2. Quick Tour -- 3. Components of the Machine -- 4. Classes -- 5. Security -- 6. Implementation Notes -- 7. Data Operations -- 8. Arithmetic -- 9. Flow Control -- 10. Exceptions -- 11. Threads -- 12. Class File Reference -- 13. Instruction Reference -- A. Instructions by Function Group -- B. Instructions by Opcode -- C. Jasmin User Guide -- D. The JAS Library },
	catalogue-url = { http://trove.nla.gov.au/work/14968069 }
}

@book{koza1992genetic,
	title={Genetic Programming: On the Programming of Computers by Means of Natural Selection},
	author={Koza, J.R.},
	isbn={9780262111706},
	lccn={92025785},
	series={A Bradford book},
	url={https://books.google.cz/books?id=Bhtxo60BV0EC},
	year={1992},
	publisher={Bradford}
}

@misc{crocs,
	author = {{Centre for Research on Cryptography and Security}},
	organization = {Faculty of Informatics Masaryk University},
	url = {http://www.fi.muni.cz/research/crocs/},
	urldate = {2016-05-13}
}

@misc{baseline-experiment,
	title = {{Baseline experiment}},
	url = {http://crcs.cz/wiki/doku.php?id=research:eacirc:baseline-experiments},
	year = {2016}, 
	urldate = {2016-05-14}
}

@online{eacirc-github,
	author = {Petr Švenda and Martin Ukrop and Marek Sýs and others},
	title = {EACirc},
	subtitle = {Framework for autmatic search for problem solving circuit via evolutionary algorithms},
	organization = {Centre for Research on Cryptography and Security, Masaryk University},
	year = {2012},
	url = {http://github.com/crocs-muni/EACirc},
	urldate = {2016-05-14},
}

@Inbook{svenda2014,
	author="{\v{S}}venda, Petr
	and Ukrop, Martin
	and Maty{\'a}{\v{s}}, Vashek",
	editor="Obaidat, S. Mohammad
	and Filipe, Joaquim",
	chapter="Determining Cryptographic Distinguishers for eStream and SHA-3 Candidate Functions with Evolutionary Circuits",
	title="E-Business and Telecommunications: International Joint Conference, ICETE 2013, Reykjavik, Iceland, July 29-31, 2013, Revised Selected Papers",
	year="2014",
	publisher="Springer Berlin Heidelberg",
	address="Berlin, Heidelberg",
	pages="290--305",
	isbn="978-3-662-44788-8",
	doi="10.1007/978-3-662-44788-8_17",
	url="http://dx.doi.org/10.1007/978-3-662-44788-8_17"
}

@INPROCEEDINGS{svenda2013,
	author={P. Svenda and M. Ukrop and V. Matyáš}, 
	booktitle={Security and Cryptography (SECRYPT), 2013 International Conference on}, 
	title={Towards cryptographic function distinguishers with evolutionary circuits}, 
	year={2013}, 
	pages={1-12}, 
	keywords={Batteries;Connectors;Cryptography;Evolutionary computation;NIST;Software;Testing;Genetic Programming;Random Distinguisher;Randomness Statistical Testing;Software Circuit;eStream}, 
	month={July},
}

@book{machine_learning,
	title={Genetic Programming: An Introduction on the Automatic Evolution of Computer Programs and Its Applications},
	author={Wolfgang Banzhaf},
	isbn={9781558605107},
	lccn={97051603},
	series={The Morgan Kaufmann Series in Artificial Intelligence Series},
	url={https://books.google.cz/books?id=1697qefFdtIC},
	year={1998},
	publisher={Morgan Kaufmann Publishers},
	chapter={Genetic Programming as Machine Learning},
}

@misc{fithesis2,
	AUTHOR = "FILIPČÍK, Stanislav",
	TITLE = "LaTeX Thesis Style [online]",
	YEAR = "2009 [cit. 2016-05-18]",
	TYPE = "Bakalářská práce", 
	SCHOOL = "Masarykova univerzita, Fakulta informatiky, Brno",
	SUPERVISOR = "David Antoš", 
	URL = "http://is.muni.cz/th/173173/fi_b/",
}


